<record><leader>00000cas a22000007a 4500</leader><controlfield tag="001">11176116</controlfield><controlfield tag="008">840920d18761880inuwr ne      0    0eng d</controlfield><controlfield tag="009">3768</controlfield><datafield ind1=" " ind2=" " tag="010"><subfield code="a">sn 84038012 </subfield></datafield><datafield ind1=" " ind2=" " tag="040"><subfield code="a">NPX</subfield><subfield code="b">eng</subfield><subfield code="c">NPX</subfield><subfield code="d">NPA</subfield><subfield code="d">NPI</subfield><subfield code="d">NYS</subfield></datafield><datafield ind1="1" ind2=" " tag="029"><subfield code="a">AU@</subfield><subfield code="b">000021635585</subfield></datafield><datafield ind1=" " ind2=" " tag="042"><subfield code="a">msc</subfield></datafield><datafield ind1="0" ind2=" " tag="130"><subfield code="a">Rensselaer union (Rensselaer, Ind. : 1876)</subfield></datafield><datafield ind1="0" ind2="4" tag="245"><subfield code="a">The Rensselaer union.</subfield></datafield><datafield ind1=" " ind2=" " tag="260"><subfield code="a">Rensselaer, Jasper Co., Ind. :</subfield><subfield code="b">Horace E. James &amp; Co.,</subfield><subfield code="c">1876-</subfield></datafield><datafield ind1=" " ind2=" " tag="310"><subfield code="a">Weekly</subfield></datafield><datafield ind1="0" ind2=" " tag="362"><subfield code="a">Vol. 8, no. 39 (June 15, 1876)-</subfield></datafield><datafield ind1="1" ind2=" " tag="362"><subfield code="a">Ceased in 1880.</subfield></datafield><datafield ind1=" " ind2=" " tag="752"><subfield code="a">United States</subfield><subfield code="b">Indiana</subfield><subfield code="c">Jasper</subfield><subfield code="d">Rensselaer.</subfield></datafield><datafield ind1="0" ind2="0" tag="780"><subfield code="t">Rensselaer union and Jasper Republican</subfield><subfield code="w">(DLC)sn 87055255</subfield></datafield><datafield ind1="0" ind2="0" tag="785"><subfield code="t">Rensselaer Republican (Rensselaer, Ind. : Weekly)</subfield><subfield code="w">(DLC)sn 86077019</subfield></datafield></record>